@article{pdg2018,
  title={Review of particle physics},
  author={Tanabashi, Masaharu and Hagiwara, K and Hikasa, K and Nakamura, K and Sumino, Y and Takahashi, F and Tanaka, J and Agashe, K and Aielli, G and Amsler, C and others},
  journal={Physical Review D},
  volume={98},
  number={3},
  pages={030001},
  year={2018},
  publisher={American Physical Society}
}

@article{richman1995leptonic,
  title={Leptonic and semileptonic decays of charm and bottom hadrons},
  author={Richman, Jeffrey D and Burchat, Patricia R},
  journal={Reviews of Modern Physics},
  volume={67},
  number={4},
  pages={893},
  year={1995},
  publisher={APS}
}

@article{kallen1965elementary,
  title={Elementary particle physics},
  author={K{\"a}ll{\'e}n, Gunnar},
  journal={American Journal of Physics},
  volume={33},
  number={10},
  pages={859--859},
  year={1965},
  publisher={American Association of Physics Teachers}
}

@article{alves1996feynman,
  title={Feynman-x and Transverse Momentum Dependence of D Meson Production in 250 GeV $\pi$, K, and p Interactions with Nuclei},
  author={Alves, GA and Amato, S and Anjos, JC and Appel, JA and Astorga, J and Bracker, SB and Cremaldi, LM and Dagenhart, WD and Darling, CL and Dixon, RL and others},
  journal={Physical review letters},
  volume={77},
  number={12},
  pages={2392},
  year={1996},
  publisher={APS}
}

@article{pythia,
  title={An introduction to PYTHIA 8.2},
  author={Sj{\"o}strand, Torbj{\"o}rn and Ask, Stefan and Christiansen, Jesper R and Corke, Richard and Desai, Nishita and Ilten, Philip and Mrenna, Stephen and Prestel, Stefan and Rasmussen, Christine O and Skands, Peter Z},
  journal={Computer physics communications},
  volume={191},
  pages={159--177},
  year={2015},
  publisher={Elsevier}
}

@article{pascoli2019,
  title={Heavy Neutral Leptons from low-scale seesaws at the DUNE Near Detector},
  author={Ballett, Peter and Boschi, Tommaso and Pascoli, Silvia},
  journal={arXiv preprint arXiv:1905.00284},
  year={2019}
}

@article{bondarenko2018,
  title={Phenomenology of GeV-scale heavy neutral leptons},
  author={Bondarenko, Kyrylo and Boyarsky, Alexey and Gorbunov, Dmitry and Ruchayskiy, Oleg},
  journal={Journal of High Energy Physics},
  volume={2018},
  number={11},
  pages={32},
  year={2018},
  publisher={Springer}
}

@article{pascoli2009,
  title={The search for heavy Majorana neutrinos},
  author={Atre, Anupama and Han, Tao and Pascoli, Silvia and Zhang, Bin},
  journal={Journal of High Energy Physics},
  volume={2009},
  number={05},
  pages={030},
  year={2009},
  publisher={IOP Publishing}
}

@article{alekhin2016,
  title={A facility to Search for Hidden Particles at the CERN SPS: the SHiP physics case},
  author={Alekhin, Sergey and Altmannshofer, Wolfgang and Asaka, Takehiko and Batell, Brian and Bezrukov, Fedor and Bondarenko, Kyrylo and Boyarsky, Alexey and Choi, Ki-Young and Corral, Cristobal and Craig, Nathaniel and others},
  journal={Reports on progress in physics},
  volume={79},
  number={12},
  pages={124201},
  year={2016},
  publisher={IOP Publishing}
}

@article{shaposhnikov2007,
  title={How to find neutral leptons of the $\nu$MSM?},
  author={Gorbunov, Dmitry and Shaposhnikov, Mikhail},
  journal={Journal of High Energy Physics},
  volume={2007},
  number={10},
  pages={015},
  year={2007},
  publisher={IOP Publishing}
}

@article{aliev2004form,
  title={Form factors of $ D\_s\^{}$+$\backslash$rightarrow$\backslash$phi$\backslash$bar $\{$$\backslash$ell$\}$$\backslash$nu $ decay in QCD light cone sum rule},
  author={Aliev, TM and {\"O}zpineci, A and Savc{\'\i}, M},
  journal={The European Physical Journal C-Particles and Fields},
  volume={38},
  number={1},
  pages={85--91},
  year={2004},
  publisher={Springer}
}
